
@InProceedings{FraisierEtAl2016,
	author = {Fraisier, Ophélie},
	title = {Intégration du contexte spatio-temporel et social pour l'analyse de sentiments sur Twitter},
	booktitle = {INFormatique des Organisations et Systemes d'Information et de Decision (INFORSID)},
	year = {2016},
	publisher = {INFORSID (actes électroniques)},
	address = {Grenoble, 31/05/2016-03/06/2016},
	pages = {(en ligne)},
	file = {pdf|http://www.irit.fr/publis/IRIS/2016_INFORSID_FJC_F.pdf poster|http://www.irit.fr/publis/IRIS/2016_INFORSID_FJC_F_poster.pdf},
	keywords = {PN},
	addendum = {\\Taux de sélection des articles du Forum Jeunes Chercheurs : 59\,\% (19/32 soumissions).\\Article sélectionné pour un numéro spécial de la revue \href{http://isi.revuesonline.com}{Ingénierie des Systèmes d'Information}}
}


@Article{FavreEtAl2017,
	author = {Favre, Cecile and Artaud, Chloé and Duffau, Clément and Fraisier, Ophélie and Kotto Kombi, Roland},
	title = {Forum Jeunes Chercheurs à Inforsid 2016},
	journal = {Ingénierie des Systèmes d'Information},
	publisher = {Hermès Science},
	year = {2017},
	volume = {22},
	number = {2},
	pages = {121--147},
	doi = {10.3166/isi.22.2.121-147},
	url = {https://isi.revuesonline.com/article.jsp?articleId=38454},
	keywords = {JN},
	addendum = {\\Article regroupant les quatre meilleures contributions du Forum Jeunes Chercheurs Inforsid 2016},
}


@InProceedings{FraisierEtAl2017a,
	author = {Fraisier, Ophélie and Cabanac, Guillaume and Pitarch, Yoann and Besancon, Romaric and Boughanem, Mohand},
	title = {Uncovering Like-minded Political Communities on Twitter},
	booktitle = {{Proceedings of the ACM SIGIR International Conference on Theory of Information Retrieval (ICTIR)}},
	editor = {Kamps, Jaap and Kanoulas, Evangelos and ~de Rijke, Maarten},
	year = {2017},
	publisher = {ACM},
	address = {Amsterdam, The Netherlands},
	pages = {261--264},
	file = {pdf|https://www.irit.fr/publis/IRIS/2017_ICTIR_FCPBB.pdf poster|https://www.irit.fr/publis/IRIS/2017_ICTIR_FCPBB_poster.pdf},
	isbn = {978-1-4503-4490-6},
	doi = {10.1145/3121050.3121091},
	keywords = {PI},
	addendum = {\\Taux de sélection des articles courts : 58\,\% (25/43 soumissions).},
}


@InProceedings{FraisierEtAl2017b,
	author = {Fraisier, Ophélie and Cabanac, Guillaume and Pitarch, Yoann and Besancon, Romaric and Boughanem, Mohand},
	title = {Détection de points de vue à l'aide des proximités inter-profils},
	booktitle = {Conférence sur les Modèles et l'Analyse des Réseaux : Approches Mathématiques et Informatique (MARAMI)},
	year = {2017},
	address = {La Rochelle, 18/10/2017--20/10/2017},
	pages = {(en ligne)},
	file = {pdf|https://www.irit.fr/publis/IRIS/2017_MARAMI_FCPBB.pdf support|https://www.irit.fr/publis/IRIS/2017_MARAMI_FCPBB_slides.pdf},
	keywords = {CN},
}


@InProceedings{BenbouzidEtAl2017,
	author = {Benbouzid, Bilel and Smyrnaios, Nikos and Figeac, Julien and Fraisier, Ophélie and L'Hôte, Anne and Loveluck, Benjamin and Perrier, Alexis and Ratinaud, Pierre and Salord, Tristan},
	title = {Twitter vs. Facebook : réseaux et discours de l'extrême droite},
	year = {2017},
	address = {Paris, 29/11/17--2/12/2017},
	booktitle = {Participation au sein du projet Listic au sprint \href{http://www.medialab.sciences-po.fr/projets/datapol/}{Datapol} organisé par Sciences Po},
	howpublished = {Présentation orale},
	file = {support|https://www.irit.fr/publis/IRIS/2017_Datapol_BSFFLLPRS.pdf audio|https://www.irit.fr/publis/IRIS/2017_Datapol_BSFFLLPRS_audio.mp4},
	keywords = {D},
}


@InProceedings{FraisierEtAl2017c,
	author = {Fraisier, Ophélie and Cabanac, Guillaume and Pitarch, Yoann and Besancon, Romaric and Boughanem, Mohand},
	title = {Expression politique sur Twitter: les communautés comme indicateurs de point de vue},
	year = {2017},
	booktitle = {6ème édition des \href{https://web.archive.org/web/201707/https://eric.univ-lyon2.fr/~gt-fdc/journees/}{journées « Big Data Mining and Visualization »} de l'association \href{http://www.egc.asso.fr}{EGC}},
	address = {Lille, 26/06/2017--27/06/2017},
	howpublished = {Présentation orale},
	file = {support|https://www.irit.fr/publis/IRIS/2017_JEEGC_FCPBB.pdf},
	keywords = {D},
}


@InProceedings{FraisierEtAl2018a,
	author = {Fraisier, Ophélie and Cabanac, Guillaume and Pitarch, Yoann and Besancon, Romaric and Boughanem, Mohand},
	title = {\#Élysée2017fr: The 2017 French Presidential Campaign on Twitter},
	booktitle = {{Proceedings of the 12th International AAAI Conference on Weblogs and Social Media} (ICWSM)},
	year = {2018},
	publisher = {AAAI Press},
	address = {Stanford, California, USA, 25/06/2018--28/06/2018},
	pages = {à paraître},
	file = {pdf|https://www.irit.fr/publis/IRIS/2018_ICWSM_FCPBB.pdf},
	keywords = {CI},
	addendum = {\\Taux de sélection des articles présentant des jeux de données : 55\,\% (10/18 soumissions).},
}


@InProceedings{FraisierEtAl2018b,
	author = {Fraisier, Ophélie and Cabanac, Guillaume and Pitarch, Yoann and Besancon, Romaric and Boughanem, Mohand},
	title = {Stance Classification through Proximity-based Community Detection},
	booktitle = {ACM Conference on Hypertext \& Social Media (HT)},
	address = {Baltimore, Maryland, USA, 09/07/2018--12/07/2018},
	year = {2018},
	publisher = {ACM},
	pages = {à paraître},
	file = {pdf|http://www.irit.fr/publis/IRIS/2018_HT_FCPBB.pdf},
	keywords = {CI},
	addendum = {\\Taux de sélection des articles : 29\,\% (19/65 soumissions).},
}


%addendum = {Le séminaire « Savoirs, réseaux, médiations » du LISST combine les études sur les sciences et les analyses de réseaux sociaux autour d' une réflexion plus générale sur les formes sociales. Le séminaire est principalement dédié à la discussion de recherches empiriques en cours ou récentes, mais il organise également des échanges sur les théories des sciences sociales prenant en compte les relations interpersonnelles et les formes collectives.}
@InProceedings{FraisierEtAl2018c,
	author = {Fraisier, Ophélie and Cabanac, Guillaume and Pitarch, Yoann and Besancon, Romaric and Boughanem, Mohand},
	title = {Découverte de points de vue sur les médias sociaux},
	year = {2018},
	booktitle = {Séminaire « Savoirs, réseaux, médiations » du \href{http://lisst.univ-tlse2.fr}{Laboratoire Interdisciplinaire Solidarités, Sociétés, Territoires (LISST)}},
	howpublished = {Présentation orale},
	file = {support|https://www.irit.fr/publis/IRIS/2018_SRM_FCPBB.pdf},
	keywords = {D},
}


@InProceedings{FraisierEtAl2018d,
	author = {Fraisier, Ophélie and Cabanac, Guillaume and Pitarch, Yoann and Besancon, Romaric and Boughanem, Mohand},
	title = {The 2017 French Presidential Campaign on Twitter (poster)},
	year = {2018},
	booktitle = {EuroScience Open Forum},
	address = {Toulouse, France, 09/07/2018--14/07/2018},
	file = {poster|},
	keywords = {PI},
}


@InProceedings{MarchandEtAl2018,
	author = {Marchand, Pascal and Ratinaud, Pierre and Figeac, Julien and Cabanac, Guillaume and Fraisier, Ophélie and Hubert, Gilles and Milliner, Xavier and Pitarch, Yoann and Salord, Tristan and Smyrnaios, Nikos and Thonet, Thibaut},
	title = {La campagne présidentielle 2017 sur les réseaux socionumériques},
	year = {2018},
	howpublished = {Présentation orale},
	keywords = {D},
	file = {support|http://www.irit.fr/~Guillaume.Cabanac/docs/sms2018.pdf},
	booktitle = {Colloque du \href{http://sms.univ-tlse2.fr}{Labex Structuration des Mondes Sociaux (SMS)}},
	address = {Toulouse, 27/03/2018--29/03/2018}
}


@InProceedings{Fraisier2017,
	author = {Fraisier, Ophélie},
	title = {The Algorithm God},
	booktitle = {EuroScientist Blog},
	year = {18 January 2017},
	keywords = {BI},
	url = {https://www.euroscientist.com/the-algorithm-god/}
}

%file = {pdf|http://www.irit.fr/publis/IRIS/2018_HT_FCPBB.pdf},
@InProceedings{Fraisier2018,
	author = {Fraisier, Ophélie},
	title = {Political Communities on Twitter},
	booktitle = {RevOpiD-2018 Workshop on Opinion Mining, Summarization and Diversification co-located with ACM Conference on Hypertext \& Social Media (HT)},
	address = {Baltimore, Maryland, USA, 09/07/2018--12/07/2018},
	year = {2018},
	publisher = {ACM},
	keywords = {WI},
	addendum = {Conférencière invitée.},
}
